@misc{africainfo,
title="ICTs in Africa: Digital Divide to Digital Opportunity",
author="ITU",
year="2008",
note="[Online] Available from: \url{http://www.itu.int/newsroom/features/ict_africa.html}"
}
@INPROCEEDINGS{aucbehaviour,
author={James C. Cox and Bruce Roberson and Vernon L. Smith},
title={Theory and Behaviour of Single Object Auctions},
booktitle={Research in Experimental Economies},
year={1982},
pages={1--43},
volume={2},
}
@misc{aucfirst,
title="The Theory of First-Price, Sealed Bid Auctions",
author="Daniel McFadden",
note="[Online] Available from: \url{http://elsa.berkeley.edu/~mcfadden/eC103_f03/auctionlect.pdf}"
}
@Book{auckinds,
title="Game theory - a very short introduction",
author="Ken Binmore",
publisher="Clarendon Press",
year="2007",
pages="108--116",
}
@misc{auctheory,
author="Jonathon Levin",
title="Auction Theory",
year="2004",
note="[Online] Available from: \url{http://www.stanford.edu/~jdlevin/Econ 86/Auctions.pdf} [Accessed 28th May 2012]"
}
@Book{auctruth,
title="Game theory - a very short introduction",
author="Ken Binmore",
publisher="Clarendon Press",
year="2007",
pages="107",
}
@misc{brating,
author="Markus Weichselbaum",
year="2006",
title="Bayesian Rating - how to implement a weighted rating system",
note="[online]. available from: \url{www.thebroth.com/blog/118/bayesian-rating/} [accessed 16th february 2012] - url now dead"
}
@misc{bratingnot,
author="Ben Schwartz",
year="2009",
title="How Not to Not Sort by Average Rating",
note="[Online]. Available from: \url{http://bemasc.net/wordpress/2009/02/15/how-not-to-not-sort-by-average-rating/} [Accessed 28th May 2012]"
}
@INPROCEEDINGS{Burke04thedesign,
author={E. K. Burke and A Silva},
title={The Design of Memetic Algorithms for Scheduling and Timetabling Problems},
booktitle={Recent Advances in Memetic Algorithms, Studies in Fuzziness and Soft Computing},
year={2004},
pages={289--312},
publisher={Springer}
}
@misc{cba,
author="Geoff Riley",
title="Cost Benefit Analysis",
year="2006",
note="[Online] Available from: \url{http://tutor2u.net/economics/revision-notes/a2-micro-cost-benefit-analysis.html}"
}
@misc{celery,
author="Ask Solem",
year="2012",
title="django-celery",
note="(Version 2.5.5) [Software] ask. Available from: \url{http://pypi.python.org/pypi/django-celery}"
}
@misc{certaintydef,
author="Wikipedia",
year="2012",
title="Risk premium",
note="[Online]. Available from: \url{http://en.wikipedia.org/wiki/Risk_premium} [Accessed 29th May 2012]",
}
@misc{corruption,
author="Martin Drakard",
year="2009",
title="Corruption and Bribery as a Way of Life in Africa",
note="[Online]. Available from: \url{http://www.ipocafrica.org/index.php?option=com_content&view=article&id=192:corruption-and-bribery-as-a-way-of-life-in-africa&catid=35:corruption-news&Itemid=82} [Accessed 28th May 2012]"
}
@article{csp,
author={Gallardo, Jos{\'e} E. and Cotta, Carlos and Fern\'{a}ndez, Antonio J.},
title={Solving weighted constraint satisfaction problems with memetic/exact hybrid algorithms},
journal={J. Artif. Int. Res.},
volume={35},
number={1},
month={May},
year={2009},
pages={533--555},
note={Available from: \url={http://www.jair.org/media/2770/live-2770-4543-jair.pdf}},
publisher={AI Access Foundation},
}
@TECHREPORT{constraintweighting,
author={John Thornton},
title={Constraint weighting local search for constraint satisfaction},
year={2000}
}
@techreport{corruptiondev,
title="Corruption in Developing Countries",
author="Benjamin A. Olken and Rohini Pande",
institution="National Bureau of Economic Research",
type="Working Paper",
series="Working Paper Series",
number="17398",
year="2011",
month="September",
note="Available from: \url{http://www.hks.harvard.edu/fs/rpande/papers/Corruption%20in%20Developing%20Countries.pdf}",
}
@misc{django,
author="Django Software Foundation",
year="2012",
title="Django",
note="(Version 1.4) [Software]. Available from: \url{https://www.djangoproject.com/download/}"
}
@misc{drupal,
author="Dries Buytaert",
year="2012",
title="Drupal",
note="(Version 7.14) [Software]. Available from: \url{http://drupal.org/download}"
}
@INPROCEEDINGS{dutch,
author={Wing Ho Yuen and Chi Wan Sung and Wing and Shing Wong},
title={Optimal price decremental strategy for dutch auctions},
booktitle={Communications in Information and Systems},
year={2002},
pages={411--434},
volume={2},
note={[Online] Available from: \url{http://www.ims.cuhk.edu.hk/~cis/2002.4/final.pdf} [Accessed 16th June 2012]}
}
@misc{ebay,
author="eBay",
year="2012",
title="eBay",
note="[Online] Available from: \url{http://www.ebay.com/} [Accessed 28th May 2012]"
}
@misc{ebayaucs,
year="2011",
author="Marsha Collier",
note="[Online] Available from: \url{http://www.dummies.com/how-to/content/tuning-into-types-of-ebay-auctions.html}"
}
@techreport{ebaypubsec,
title="Public Versus Secret Reserve Prices in eBay Auctions: Results from a Pokemon Field Experiment",
author="Rama Katkar and David Lucking-Reiley",
institution="National Bureau of Economic Research",
series="Working Paper Series",
number="8183",
year="2001",
month="March",
note="Available from:\url{http://www.nber.org/papers/w8183}",
}
@article{expectedutility,
title="Exposition of a new theory on the measurement of risk",
author="Daniel Bernoulli",
journal="Econometrica",
year="1954",
pages="23--36",
publisher="JSTOR",
editor="Hamouda, Omar F and Rowley, J C REditors",
publisher="JSTOR",
note="Available from: \url{http://www.jstor.org/stable/1909829?origin=crossref}",
number={1},
}
@misc{extensions,
author="Michael Trier and Bas van Oostveer",
year="2012",
title="django-extensions",
note="(Version 0.7.1) [Software]. Available from: \url{https://github.com/django-extensions/django-extensions}"
}
@misc{filter,
author="Alex Gaynor",
year="2012",
title="django-filter",
note="[Software] Available from: \url{https://github.com/alex/django-filter/}"
}
@misc{scipy,
author="SciPy",
year="2012",
title="SciPy",
note="(Version 0.11) [Software] Available from: \url{http://www.scipy.org/}"
}
@misc{fixmystreetuk,
author="MySociety",
year="2012",
title="FixMyStreet UK",
note="[Online] Available from: \url{http://www.fixmystreet.com/} [Accessed 28th May 2012]"
}
@misc{fixmystreetca,
author="VisibleGovernment",
year="2012",
title="FixMyStreet Canada",
note="[Online] Available from: \url{http://www.fixmystreet.ca/} [Accessed 28th May 2012]"
}
@misc{fixmytransport,
author="MySociety",
year="2012",
title="FixMyTransport",
note="[Online] Available from: \url{http://www.fixmytransport.com/} [Accessed 28th May 2012]"
}
@article{framing,
author = {Tversky, Amos and Kahneman, Daniel},
journal = {Science, New Series},
pages = {453-458},
title = {The Framing of Decisions and the Psychology of Choice},
volume = "211",
year = "1981",
note="[Online] Available from: \url{http://psych.hanover.edu/classes/cognition/papers/tversky81.pdf}",
}
@misc{frkutility,
author="Frank Kriwaczek",
year="2012",
title="Utility",
note="[Online] Available from \url{http://www.doc.ic.ac.uk/~frk/frank/da/3. utility.pdf}"
}
@misc{genericm2m,
author="Charles Leifer",
year="2012",
title="django-genericm2m",
note="(Version 0.2.1) [Software] coleifer. Available from: \url{https://github.com/coleifer/django-generic-m2m}"
}
@Article{gga,
author={Evelyn C. Brown and Cliff T. Ragsdale and Arthur E. Carter},
title={A Grouping Genetic Algorithm For The Multiple Traveling Salesperson Problem},
journal={International Journal of Information Technology \& Decision Making (IJITDM)},
year="2007",
volume={6},
number={02},
pages={333-347},
note="Available from: \url={http://ideas.repec.org/a/wsi/ijitdm/v06y2007i02p333-347.html}"
}
@misc{grappelli,
author="Patrick Kranzlmueller and Axel Swoboda",
year="2012",
title="django-grappelli",
note="(Version 2.3.8) [Software] sehmaschine. Available from: \url{https://github.com/sehmaschine/django-grappelli/}"
}
@misc{guru,
author="Guru",
year="2012",
title="Guru",
note="[Online]. Available from: \url{http://www.guru.com/} [Accessed 28th May 2012]"
}
@misc{gwt,
author="Google",
year="2012",
title="Google Web Toolkit",
note="(Version 1.4) [Software]. Available from: \url{https://developers.google.com/web-toolkit/download}"
}
@misc{jquery,
author="The JQuery Project",
year="2012",
title="JQuery",
note="(Version 1.7.2) [Software]. Available from: \url{http://docs.jquery.com/Downloading_jQuery}"
}
@book{kkt,
author="Gerard Cornueiols and Michael Trick",
year="1998",
title="Quantitative Methods for the Management Sciences",
chapter="4: Constrained Optimisation"
}
@misc{kohana,
author="Kohana",
year="2012",
title="Kohana",
note="(Version 3.2) [Software] Kohana. Available from: \url{http://http://kohanaframework.org/}"
}
@misc{mailer,
author="James Tauber",
year="2012",
title="django-mailer",
note="(Version 0.1.0) [Software] jtauber. Available from: \url{https://github.com/jtauber/django-mailer}"
}
@misc{mapit,
author="Matthew Somerville",
year="2012",
title="MaPit",
note="(Version 1) [Software] MySociety. Available from: \url{https://github.com/mysociety/mapit/}"
}
@misc{markiliffe,
author="Mark Iliffe",
title="Interview with Mark Iliffe",
note="Interviewed by: Glassberg-Powell, Caroline (28th May 2012)",
}
@misc{metaheuristics,
author="Wikipedia",
year= "2012",
title="Metaheuristic",
note="[Online]. Available from: \url{http://en.wikipedia.org/wiki/Metaheuristic} [Accessed 30th May 2012]",
}
@misc{mobile,
author="Gregor Mullegger",
year="2012",
title="django-mobile",
note="(Version 0.2.3) [Software] gregmuellegger. Available from: \url{https://github.com/gregmuellegger/django-mobile}"
}
@misc{mysociety,
author="MySociety",
year="2012",
title="MySociety",
note="[Online]. Available from: \url{http://www.mysociety.org/projects/} [Accessed 28th May 2012]"
}
@misc{mysql,
author="MySQL",
year="2012",
title="MySQL",
note="(Version 5.5.25) [Software] Available from: \url{http://www.mysql.com/downloads/} [Accessed 28th May 2012]"
}
@misc{mysqllims,
author="Django",
year="2012",
title="MySQL's Spatial Limitations",
note="Available from: \url{https://docs.djangoproject.com/en/dev/ref/contrib/gis/db-api/} [Accessed 28th May 2012]",
}
@Book{nasheq,
title="Game theory - a very short introduction",
author="Ken Binmore",
publisher="Clarendon Press",
year="2007",
pages="23--26",
}
@misc{nasheq2,
title="Nash Equilibrium: Definition",
year="2007",
author="Adam Brandenburger",
note="[Online] \url{http://pages.stern.nyu.edu/~abranden/nash-01-04-07.pdf} [Accessed 28th May 2012]"
}
@book{naivebayes,
author="Tom Mitchell",
title="Machine Learning",
publisher="McGraw Hill",
year="1997",
pages="177--184",
}
@misc{numwords,
author="Oxford English Dictionary",
year="n.d.",
title="How many words are there in the English language?",
note="[Online] Available from: \url{http://oxforddictionaries.com/words/how-many-words-are-there-in-the-english-language}"
}
@misc{olwidget,
author="Charlie DeTar",
year="2012",
title="django-olwidget",
note="(Version 0.4) [Software] yourcelf. Available from: \url{https://github.com/yourcelf/olwidget/}"
}
@misc{open311,
author="Open311",
title="Open311",
year="2012",
note="[Online] Available from: \url{http://open311.org/} [Accessed 28th May 2012]"
}
@misc{open311api,
author="Open311",
title="Open311 API",
year="2012",
note="[Online] Available from: \url{http://wiki.open311.org/API} [Accessed 28th May 2012]"
}
@misc{open311known,
author="Open311",
title="Open311 API",
year="2012",
note="[Online] Available from: \url{http://wiki.open311.org/GeoReport_v2/Servers} [Accessed 28th May 2012]"
}
@misc{open311learn,
author="Open311",
title="Open311 Learn",
year="2012",
note="[Online] Available from: \url{http://open311.org/learn/} [Accessed 28th May 2012]"
}
@misc{openstreetmap,
author="OpenStreetMap",
year="2012",
title="OpenStreetMap",
note="[Online]. Available from: \url{http://www.openstreetmap.org/} [Accessed 28th May 2012]"
}
@misc{openstreetmapafrica,
author="Mikel",
title="Surveying OpenStreetMap in Africa",
year="2009",
note="[Online]. Available from: \url{http://lists.openstreetmap.org/pipermail/talk/2009-January/033275.html} [Accessed 16th June 2012]"
}
@Book{optbarg,
title =	"Game theory - a very short introduction",
author="Ken Binmore",
publisher="Clarendon Press",
year="2007",
pages="149",
}
@misc{phpoo,
title =	"PHP is not object oriented!",
author="Michael Kimsal",
year="2009",
note="[Online] Available from: \url{http://michaelkimsal.com/blog/php-is-not-object-oriented/}"
}
@misc{phpsucks,
title =	"PHP: a fractal of bad design",
author="Eevee",
year="2012",
note="[Online] Available from: \url{http://me.veekun.com/blog/2012/04/09/php-a-fractal-of-bad-design/2}"
}
@misc{postgresql,
author="The PostgreSQL Global Development Group",
year="2012",
title="PostgreSQL",
note="(Version 9.1) [Software]. Available from: \url{http://www.postgresql.org/download/}"
}
@Article{prospect,
author={Kahneman, Daniel and Tversky, Amos},
title={Prospect Theory: An Analysis of Decision under Risk},
journal={Econometrica},
year="1979",
volume={47},
number={2},
pages={263-91},
month={March},
note="Available from: \url{http://www.princeton.edu/~kahneman/docs/Publications/prospect_theory.pdf}"
}
@misc{rabbitmq,
author="RabbitMQ",
year="2012",
title="rabbitmq",
note="(Version 2.5.0) [Software] ask. Available from: \url{www.rabbitmq.com/download.html}"
}
@misc{rails,
author="David Heinemeier Hansson",
year="2012",
title="Django",
note="(Version 3.2) [Software]. Available from: \url{http://rubyonrails.org/download}"
}
@misc{registration,
author="James Bennett",
year="2012",
title="django-registration",
note="(Version 0.8.0) [Software] ubernostrum. Available from: \url{https://github.com/ubernostrum/django-registration/}"
}
@misc{reverseauction,
author="Business Dictionary",
year="n.d.",
title="Reverse Auction",
note="[Online] Available from: \url{http://www.businessdictionary.com/definition/reverse-auction.html} [Accessed 28th May 2012]"
}
@misc{rhyslewis,
author="Rhydian Marc Rhys Lewis",
year="2006",
title="Metaheuristics for University Course Timetabling",
note="[Online]. Available from: \url{http://rhydlewis.eu/papers/rhydLewisPhDThesis.pdf} [Last Accessed 30th May 2012]",
}
@misc{rumsfeld,
author="Donald H. Rumsfeld",
year="2002",
title="Known Knowns",
note="Available from: \url{http://www.defense.gov/transcripts/transcript.aspx?transcriptid=2636}"
}
@MISC{simanneal,
author={D. Abramson},
title={Constructing School Timetables using Simulated Annealing: Sequential and Parallel Algorithms},
year={1991}
}
@misc{simannealdef,
author="Wolfram Alpha",
year="2012",
title="Simulated Annealing",
note="[Website]. Accessible from: \url{http://mathworld.wolfram.com/SimulatedAnnealing.html}"
}
@misc{stackoverflow,
author="Collaborative",
year="2012",
title="Stack overflow",
note="[Website]. Accessible from: \url{http://stackoverflow.com/}"
}
@book{tanenbaum,
author={Tanenbaum, Andrew S.},
title={Modern Operating Systems},
year={2007},
edition={3rd},
publisher={Prentice Hall Press},
}
@misc{tanzaniainfo,
author={Innocent Ngalinda and Beda Mutagahywa},
title={Chapter 10: Tanzania},
year={2005},
journal={Towards an African e-Index: ICT access and usage},
}
@misc{tiwari,
author="Abhishek Tiwari",
year="2011",
title="Periodic Tasks And Queue Processing In Django With Celery And RabbitMQ",
note="[Online]. Available from: \url{http://www.atsnippets.com/development/django-celery-rabbitmq.html} [Accessed 28th May 2012]"
}
@misc{transparency,
author="UN Habitat",
title="Transparency and Corruption",
year="2004",
note="[Online] Available from: \url{http://ww2.unhabitat.org/cdrom/TRANSPARENCY/html/transpc.html}"
}
@TechReport{uniquebid,
author={Rapoport, Amnon and Otsubo, Hironori and Kim, Bora and Stein, William E.},
title={Unique bid auctions: Equilibrium solutions and experimental evidence},
year="2007",
month="Jul",
institution={University Library of Munich, Germany},
number={4185},
}
@misc{unrating,
author="United Nations Development Program",
year="n.d.",
title="CHAPTER 13. RATING SYSTEM",
note="[Online]. Available from: \url{http://web.undp.org/evaluation/documents/mec13-15.htm} [Accessed 28th May 2012]"
}
@misc{ushahidiweb,
author="Ushahidi",
year="2012",
title="Ushahidi Web",
note="(Version 2.3.1) [Software] ushahidi. Available from: \url{https://github.com/ushahidi/Ushahidi_Web}"
}
@misc{ushahidiabout,
author="Ushahidi",
year="2012",
title="Ushahidi Web",
note="[Online] Available from: \url{http://ushahidi.com/about-us}"
}
@misc{utilityintro,
author="John Norstad",
year="2011",
title="An Introduction to Utility Theory",
note="[Online]. Available from: \url{http://homepage.mac.com/j.norstad/finance/util.pdf} [Accessed 29th May 2012]",
}
@Article{vickrey,
author={William Vickrey},
title={Counterspeculation, Auctions, and Competitive Sealed Tenders},
journal={Journal of Finance},
year={1961},
volume={Volume 16},
number={Issue 1},
pages={8--37},
month={March},
}
@misc{watersupply,
author="Asian Development Bank",
year="1999",
title="Handbook for the Economic Analysis of Water Supply Projects",
note="[Online]. Available from: \url{http://www2.adb.org/documents/handbooks/water_supply_projects/Chap1-r6.PDF} [Accessed 29th May 2012]",
}
@Article{winnerscurse,
author={Thaler, Richard H},
title={Anomalies: The Winner's Curse},
journal={Journal of Economic Perspectives},
year="1988",
volume={Volume 2},
number={Issue 1},
pages={191--202},
}
@misc{wrating,
author="Evan Miller",
year="2009",
title="How Not To Sort By Average Rating",
note="[Online]. Available from: \url{http://evanmiller.org/how-not-to-sort-by-average-rating.html} [Accessed 28th May 2012]"
}
